@article{REPO,
    author =       "Isadora Sophia",
    title =        "Projeto final de MC871",
    note = "\url{https://github.com/isadorasophia/MC871}"
}
